@article{pedregosa2011scikit,
  title   = {Scikit-learn: Machine Learning in {P}ython},
  author  = {Pedregosa, F. and Varoquaux, G. and Gramfort, A. and Michel, V. 
             and Thirion, B. and Grisel, O. and Blondel, M. and Prettenhofer, P. 
             and Weiss, R. and Dubourg, V. and Vanderplas, J. and Passos, A. 
             and Cournapeau, D. and Brucher, M. and Perrot, M. and Duchesnay, E.},
  journal = {Journal of Machine Learning Research},
  volume  = {12},
  pages   = {2825--2830},
  year    = {2011}
}
@article{scikit-learn,
  title   = {Scikit-learn: Machine Learning in Python},
  author  = {Pedregosa, Fabian and Varoquaux, Ga{\"e}l and Gramfort, Alexandre and Michel, Vincent and Thirion, Bertrand and Grisel, Olivier and Blondel, Mathieu and Prettenhofer, Peter and Weiss, Ron and Dubourg, Vincent and Vanderplas, Jake and Passos, Alexandre and Cournapeau, David and Brucher, Matthieu and Perrot, Matthieu and Duchesnay, {\'E}douard},
  journal = {Journal of Machine Learning Research},
  volume  = {12},
  pages   = {2825--2830},
  year    = {2011}
}


@article{hunter2007matplotlib,
  author  = {Hunter, J. D.},
  title   = {Matplotlib: A 2D Graphics Environment},
  journal = {Computing in Science \& Engineering},
  volume  = {9},
  number  = {3},
  pages   = {90--95},
  year    = {2007},
  publisher = {IEEE}
}
@misc{reback2020pandas,
  author       = {Wes McKinney and J{\'e}r{\'e}mie F. Reback and Jeff Tratner and Tom Augspurger and Phillip Cloud and Simon Hawkins and gfyoung and Sinhrks and Adam Klein and Terji Petersen and Chang She and William Ayd and Marc Garcia and Jeremy Schendel and Andy Hayden and Daniel Saxton and Kaiqi Dong and Wouter Overmeire and Peter Wang},
  title        = {pandas-dev/pandas: Pandas},
  year         = {2020},
  publisher    = {Zenodo},
  doi          = {10.5281/zenodo.3509134},
  url          = {https://doi.org/10.5281/zenodo.3509134}
}

@misc{blackard1999forest,
  author       = {Blackard, J. A. and Dean, D. J.},
  title        = {Forest Cover Type Dataset},
  howpublished = {UCI Machine Learning Repository, densified via Kaggle},
  year         = {1998},
  note         = {Donated July 31, 1998; accessed via Kaggle mirror},
}


@article{xiao2017fashionmnist,
  title={Fashion-MNIST: a Novel Image Dataset for Benchmarking Machine Learning Algorithms},
  author={Xiao, Han and Rasul, Kashif and Vollgraf, Roland},
  journal={arXiv preprint arXiv:1708.07747},
  year={2017}
}


@inproceedings{paszke2019pytorch,
  title={PyTorch: An Imperative Style, High-Performance Deep Learning Library},
  author={Paszke, Adam and Gross, Sam and Massa, Francisco and Lerer, Adam and Bradbury, James and Chanan, Gregory and Killeen, Trevor and Lin, Zeming and Gimelshein, Natalia and Antiga, Luca and Desmaison, Alban and Kopf, Andreas and Yang, Edward and DeVito, Zachary and Raison, Martin and Tejani, Alykhan and Chilamkurthy, Sasank and Steiner, Benoit and Fang, Lu and Bai, Junjie and Chintala, Soumith},
  booktitle={Advances in Neural Information Processing Systems 32 (NeurIPS)},
  year={2019}
}
@misc{fisher1936iris,
  author       = {R. A. Fisher},
  title        = {Iris [Dataset]},
  howpublished = {UCI Machine Learning Repository},
  year         = {1936},
  note         = {\url{https://archive.ics.uci.edu/ml/datasets/iris}, accessed 2025-09-26},
  doi          = {10.24432/C56C76}
}

@inproceedings{fisher1986,
  title={A Case Study of Incremental Concept Induction},
  author={Fisher, Doug H. and Schlimmer, Jeffrey C.},
  booktitle={Proceedings of the Fifth National Conference on Artificial Intelligence (AAAI)},
  year={1986},
  pages={incremental learning section},
  publisher={AAAI Press}
}


